<?xml version="1.0" encoding="UTF-8"?><collection xmlns="http://www.loc.gov/MARC21/slim"><record><leader>00495nam--2200181-i-4500</leader><controlfield tag="001">000006098</controlfield><controlfield tag="002">20161230</controlfield><controlfield tag="005">20161230201026</controlfield><controlfield tag="008">060222s1000------------r-----000-0-eng-d</controlfield><datafield ind1=" " ind2=" " tag="040"><subfield code="a">IFIN-HH</subfield></datafield><datafield ind1=" " ind2=" " tag="080"><subfield code="a">539</subfield></datafield><datafield ind1="1" ind2=" " tag="100"><subfield code="a">Caro, D.E</subfield></datafield><datafield ind1=" " ind2=" " tag="245"><subfield code="a">Modern physics</subfield><subfield code="b">An introduction to atomic and nuclear physics</subfield><subfield code="c">D.e. caro, j.a.mcdonell, b.m. spicer</subfield></datafield><datafield ind1=" " ind2=" " tag="260"><subfield code="a">Melbourne</subfield><subfield code="b">F.W.Ceshire</subfield><subfield code="c">1961</subfield></datafield><datafield ind1=" " ind2=" " tag="300"><subfield code="a">222 P</subfield></datafield><datafield ind1="1" ind2=" " tag="700"><subfield code="a">Spicer, B.M</subfield></datafield><datafield ind1=" " ind2=" " tag="852"><subfield code="a">17948</subfield><subfield code="c">539</subfield></datafield><datafield ind1=" " ind2=" " tag="CAT"><subfield code="a">Sys</subfield><subfield code="c">20110927</subfield><subfield code="h">142532</subfield></datafield></record></collection>